@article{hall2007information,
  title={Information in generalized method of moments estimation and entropy-based moment selection},
  author={Hall, Alastair R and Inoue, Atsushi and Jana, Kalidas and Shin, Changmock},
  journal={Journal of Econometrics},
  volume={138},
  number={2},
  pages={488--512},
  year={2007},
  publisher={Elsevier}
}
@article{cheng2015select,
  title={Select the valid and relevant moments: An information-based LASSO for GMM with many moments},
  author={Cheng, Xu and Liao, Zhipeng},
  journal={Journal of Econometrics},
  volume={186},
  number={2},
  pages={443--464},
  year={2015},
  publisher={Elsevier}
}
